
@ARTICLE{Zu:2015,
	author = {Songpeng Zu, Ting Chen, Shao Li},
	title = {Global Optimization-based Inference of Chemogenomic Features from Drug-Target Interactions},
	journal = {Bioinformatics},
	year = {2015},
	%volume = {13},
	%pages = {123-456},
	%number = {52},
	month = {March}
	%publisher = {Publisher}
        
}